<?xml version="1.0" encoding="UTF-8"?><record xmlns="http://www.loc.gov/MARC21/slim" xmlns:cinclude="http://apache.org/cocoon/include/1.0" xmlns:zs="http://www.loc.gov/zing/srw/">
  <leader>00308nz  a2200121n  4500</leader>
  <controlfield tag="001">nr 99013071 </controlfield>
  <controlfield tag="003">DLC</controlfield>
  <controlfield tag="005">19990424051736.4</controlfield>
  <controlfield tag="008">990422n| acannaab|          |n aaa     c</controlfield>
  <datafield tag="010" ind1=" " ind2=" ">
    <subfield code="a">nr 99013071 </subfield>
  </datafield>
  <datafield tag="040" ind1=" " ind2=" ">
    <subfield code="a">NIC</subfield>
    <subfield code="b">eng</subfield>
    <subfield code="c">NIC</subfield>
  </datafield>
  <datafield tag="100" ind1="1" ind2=" ">
    <subfield code="a">Witkovsky휍혖, Viktor</subfield>
  </datafield>
  <datafield tag="670" ind1=" " ind2=" ">
    <subfield code="a">Probastat '94, 1996:</subfield>
    <subfield code="b">t.p. (Viktor Witkovsky휍혖)</subfield>
  </datafield>
</record>